% This file was created with JabRef 2.6.
% Encoding: Cp1252

@Book{Booth2003,
  Title                    = {The craft of research},
  Author                   = {Wayne C. Booth and Gregory G. Colomb and Joseph M. Williams},
  Publisher                = {University of Chicago press},
  Year                     = {2003},

  Timestamp                = {2014.12.08}
}

@Book{Edc2010,
  Title                    = {Engineering Design and Communication: Principles and Practice},
  Author                   = {Charles Yarnoff, John Anderson, Stacy Benjamin, Kathleen Carmichael, J. Edward Colgate,
Jeanne Herrick, Penny Hirsch, Barbara Shwom, Deborah Wood},
  Publisher                = {Northwestern University},
  Year                     = {2010},
  Timestamp                = {2014.12.08}
}

@Book{Day2012,
  Title                    = {How to write and publish a scientific paper},
  Author                   = {Day, Robert and Gastel, Barbara},
  Publisher                = {Cambridge University Press},
  Year                     = {2012},

  Timestamp                = {2014.12.08}
}

@Article{Kallet2004,
  Title                    = {How to write the methods section of a research paper},
  Author                   = {Kallet, Richard H},
  Journal                  = {Respiratory care},
  Year                     = {2004},
  Number                   = {10},
  Pages                    = {1229--1232},
  Volume                   = {49},
  Publisher                = {American Association for Respiratory Care},
  Url                      = {http://rc.rcjournal.com/content/49/10/1229.short},
  
  Timestamp                = {2014.12.08},
}

@Article{Koopman1997,
  Title                    = {How to write an abstract},
  Author                   = {Koopman, Philip},
  Journal                  = {Carnegie Mellon University. Retrieved May},
  Year                     = {1997},
  Pages                    = {2013},
  Volume                   = {31},

  Timestamp                = {2014.12.08}
}

@Misc{Sardiko2004,
  Title                    = {Guidelines ON Writing A Term Paper,A Bachelor Paper,A Master Paper},

  Author                   = {Larisa Sardiko},
  Year                     = {2004},
  Editor                   = {Daugavpils University},
    
  Timestamp                = {2014.12.08},
  Url                      = {http://de.du.lv/angluvaloda/Sardiko_Ieteikumi.pdf}
}

@Article{Majid1993,
  Title                    = {My Good Writing Guide},
  Author                   = {Shahn Majid},
  Year                     = {1993},

  Timestamp                = {2015.01.05},
  Url                      = {http://www.maths.qmul.ac.uk/~majid/Writing.html}
}

@Book{Turabian2007,
  Title                    = {A manual for writers of term papers, theses, and},
  Author                   = {Turabian, Kate},
  Publisher                = {University of Chicago Press, Chicago},
  Year                     = {2007},

  Timestamp                = {2014.12.08}
}

 @Article{au2012,
  Title                    = {AU Library's Guide to the Research Process},
  Year                     = {2012},
  Pages                    = {346},
    
  Timestamp                = {2014.12.08},
  Url                      = {http://libguides.athabascau.ca/researchprocess}
}

 


@comment{jabref-meta: selector_publisher:}

@comment{jabref-meta: selector_author:}

@comment{jabref-meta: selector_journal:}

@comment{jabref-meta: selector_keywords:}

